@article{Castillo-Felisola_2023,
doi = {10.1088/1361-6382/ad0356},
url = {https://dx.doi.org/10.1088/1361-6382/ad0356},
year = {2023},
month = {nov},
publisher = {IOP Publishing},
volume = {40},
number = {24},
pages = {249501},
author = {Oscar Castillo-Felisola and Bastian Grez and Oscar Orellana and Jos√© Perdiguero and Aureliano Skirzewski and Alfonso R Zerwekh},
title = {Corrigendum: Emergent metric and geodesic analysis in cosmological solutions of (torsion-free) polynomial affine gravity (2020 Class. Quantum Grav.37 075013)},
journal = {Classical and Quantum Gravity},
abstract = {}
}